messageChat with us
Skip to content
Santander - Online Banking
Mr Bowmaker
Last successful log on: 08/01/2022 15:36
Last unsuccessful log on: 07/09/2021 11:53
 Log off
My accounts & transactions
 
Payments & transfers
 
Standing orders
 
Direct Debits
 
Credit cards
 
Account services
 
My details & settings
 
Help & contact us
My accounts
View transactions
Manage overdraft
View charges
Savings goals
e-Documents
Mobile Payments
Quick Transfer
Between accounts or to existing payees


Transfer from...

£ 
 . 
 
Alerts
Set up free text and email alerts

Help with this pagePrint
View transactions
1 2 3 Current Account. Credit Card.What is this?
1|2|3 Current Account earnings

In the last 31 days you earned £5.97 and your total since account opening is £2,900.19.

Account: 
09-01-28 43377166 - 123 CURRENT ACCOUNT
Product name: 123 CURRENT ACCOUNT SWITCHER

 
Current balance: £14,395.69 Balance incl. pending: £14,395.69 Interest rate: 0.30 % HelpAlerts on this account: 4 Amend
Find your interest rate


Show transactions: from 
17
 / 
7
 / 
2021
 to 
17
 / 
1
 / 
2022
 
To search for transactions by amount or type, use advanced search .

Go paper-free
Switch to paper-free statements and documents. Update paper-free preferences
altGogreen
Manage your finances on the go with our Mobile Banking app. Find out more.

Download transactions
Transactions
Date	Description	Money in	Money out	Balance
17/01/2022	BILL PAYMENT VIA FASTER PAYMENT TO R J BOWMAKER REFERENCE Cashplus , MANDATE NO 34		£200.00	£14,395.69
13/01/2022	DIRECT DEBIT PAYMENT TO EDF ENERGY REF 671150644332, MANDATE NO 0026		£159.00	£14,595.69
10/01/2022	BILL PAYMENT VIA FASTER PAYMENT TO R J BOWMAKER REFERENCE CASHPLUS , MANDATE NO 34		£20.00	£14,754.69
10/01/2022	DIRECT DEBIT PAYMENT TO CAMELOT LOTTERY REF 606100462, MANDATE NO 0012		£18.00	£14,774.69
09/01/2022	MAINTAINING THE ACCOUNT - MONTHLY FEE		£4.00	£14,792.69
08/01/2022	BILL PAYMENT VIA FASTER PAYMENT TO R J BOWMAKER REFERENCE CASHPLUS , MANDATE NO 34		£40.00	£14,796.69
07/01/2022	BILL PAYMENT VIA FASTER PAYMENT TO R J BOWMAKER REFERENCE CASHPLUS , MANDATE NO 34		£120.00	£14,836.69
05/01/2022	1 DIRECT DEBIT PAYMENT AT 3,00% CASHBACK	£0.53		£14,956.69
05/01/2022	1 DIRECT DEBIT PAYMENT AT 2,00% CASHBACK	£3.18		£14,956.16
05/01/2022	2 DIRECT DEBIT PAYMENTS AT 1,00% CASHBACK	£2.26		£14,952.98
04/01/2022	FASTER PAYMENTS RECEIPT REF.SANTANDER FROM BOWMAKER, R MR	£1,000.00		£14,950.72
04/01/2022	FASTER PAYMENTS RECEIPT REF.STB PLC 02606348 FROM MR RICHARD BOWMAKE	£1,695.32		£13,950.72
04/01/2022	DIRECT DEBIT PAYMENT TO BRISTOLWESSEXWATER REF 3130459302, MANDATE NO 0022		£17.50	£12,255.40
04/01/2022	DIRECT DEBIT PAYMENT TO SANTANDERCARDS LTD REF 001577825000307260, MANDATE NO 0011		£513.62	£12,272.90
31/12/2021	BILL PAYMENT VIA FASTER PAYMENT TO ULTRAWARM LTD REFERENCE INV 258890 , MANDATE NO 28		£252.52	£12,786.52
29/12/2021	DIRECT DEBIT PAYMENT TO BT GROUP PLC REF GB18021849-000059, MANDATE NO 0018		£60.13	£13,039.04
29/12/2021	DIRECT DEBIT PAYMENT TO WILTSHIRE COUNCIL REF 720002397091, MANDATE NO 0021		£166.00	£13,099.17
24/12/2021	BILL PAYMENT VIA FASTER PAYMENT TO ULTRAWARM LTD REFERENCE INV 258890 , MANDATE NO 28		£90.00	£13,265.17
21/12/2021	BILL PAYMENT VIA FASTER PAYMENT TO R J BOWMAKER REFERENCE CASHPLUS , MANDATE NO 34		£70.00	£13,355.17
15/12/2021	BILL PAYMENT VIA FASTER PAYMENT TO R J BOWMAKER REFERENCE CASHPLUS , MANDATE NO 34		£50.00	£13,425.17
13/12/2021	BILL PAYMENT VIA FASTER PAYMENT TO R J BOWMAKER REFERENCE CASHPLUS , MANDATE NO 34		£100.00	£13,475.17
13/12/2021	DIRECT DEBIT PAYMENT TO EDF ENERGY REF 671150644332, MANDATE NO 0026		£159.00	£13,575.17
09/12/2021	BILL PAYMENT VIA FASTER PAYMENT TO R J BOWMAKER REFERENCE CASHPLUS , MANDATE NO 34		£150.00	£13,734.17
09/12/2021	MAINTAINING THE ACCOUNT - MONTHLY FEE		£4.00	£13,884.17
08/12/2021	DIRECT DEBIT PAYMENT TO CAMELOT LOTTERY REF 606100462, MANDATE NO 0012		£18.00	£13,888.17
06/12/2021	BILL PAYMENT VIA FASTER PAYMENT TO WINDOW PAYNE REFERENCE 10 ANGLESEY MEAD , MANDATE NO 24		£20.00	£13,906.17
03/12/2021	DIRECT DEBIT PAYMENT TO SANTANDERCARDS LTD REF 001577825000307260, MANDATE NO 0011		£435.39	£13,926.17
01/12/2021	DIRECT DEBIT PAYMENT TO BRISTOLWESSEXWATER REF 3130459302, MANDATE NO 0022		£17.50	£14,361.56
29/11/2021	DIRECT DEBIT PAYMENT TO WILTSHIRE COUNCIL REF 720002397091, MANDATE NO 0021		£166.00	£14,379.06
25/11/2021	DIRECT DEBIT PAYMENT TO BT GROUP PLC REF GB18021849-000058, MANDATE NO 0018		£60.13	£14,545.06
22/11/2021	BILL PAYMENT VIA FASTER PAYMENT TO R J BOWMAKER REFERENCE CASHPLUS , MANDATE NO 34		£100.00	£14,605.19
20/11/2021	BILL PAYMENT VIA FASTER PAYMENT TO R J BOWMAKER REFERENCE CASHPLUS , MANDATE NO 34		£50.00	£14,705.19
20/11/2021	CASH WITHDRAWAL AT TESCO PERSONAL FINANCE ATM TESCO PEWSHAW E, CHIPPENHAM,50.00 GBP , ON 2		£50.00	£14,755.19
17/11/2021	BILL PAYMENT VIA FASTER PAYMENT TO R J BOWMAKER REFERENCE LEEDS BUILDING SOC , MANDATE NO		£2,000.00	£14,805.19
16/11/2021	BILL PAYMENT VIA FASTER PAYMENT TO R J BOWMAKER REFERENCE LEEDS BUILDING SOC , MANDATE NO		£1,880.00	£16,805.19
15/11/2021	BILL PAYMENT VIA FASTER PAYMENT TO R J BOWMAKER REFERENCE LEEDS BUILDING SOC , MANDATE NO		£2,000.00	£18,685.19
15/11/2021	DIRECT DEBIT PAYMENT TO EDF ENERGY REF 671150644332, MANDATE NO 0026		£159.00	£20,685.19
13/11/2021	BILL PAYMENT VIA FASTER PAYMENT TO R J BOWMAKER REFERENCE LEEDS BUILDING SOC , MANDATE NO		£2,000.00	£20,844.19
12/11/2021	BILL PAYMENT VIA FASTER PAYMENT TO R J BOWMAKER REFERENCE LEEDS BUILDING SOC , MANDATE NO		£2,000.00	£22,844.19
10/11/2021	BILL PAYMENT VIA FASTER PAYMENT TO R J BOWMAKER REFERENCE CASHPLUS , MANDATE NO 34		£50.00	£24,844.19
1-40 recordsNext
Online Banking Guarantee Site Help & Accessibility Security & Privacy Terms & Conditions Legal